<record><leader>00000cas a22000007a 4500</leader><controlfield tag="001">20109745</controlfield><controlfield tag="008">890801d19031991moudn ne      0    0eng d</controlfield><datafield ind1=" " ind2=" " tag="010"><subfield code="a">sn 89066829 </subfield></datafield><datafield ind1=" " ind2=" " tag="040"><subfield code="a">MQN</subfield><subfield code="b">eng</subfield><subfield code="c">MQN</subfield><subfield code="d">NSD</subfield><subfield code="d">MQN</subfield><subfield code="d">OCLCQ</subfield></datafield><datafield ind1=" " ind2=" " tag="042"><subfield code="a">msc</subfield></datafield><datafield ind1="0" ind2="0" tag="245"><subfield code="a">Watchman-advocate.</subfield></datafield><datafield ind1=" " ind2=" " tag="260"><subfield code="a">Clayton and St. Louis, Mo. :</subfield><subfield code="b">St. Louis County Print. &amp; Pub. Co.,</subfield><subfield code="c">1903-1991.</subfield></datafield><datafield ind1=" " ind2=" " tag="300"><subfield code="a">v.</subfield></datafield><datafield ind1=" " ind2=" " tag="310"><subfield code="a">Daily (except Sat. and Sun.)</subfield></datafield><datafield ind1=" " ind2=" " tag="321"><subfield code="a">Weekly,</subfield><subfield code="b">Nov. 20, 1903-June 30, 1961</subfield></datafield><datafield ind1="0" ind2=" " tag="362"><subfield code="a">Vol. 23, no. 12 (Nov. 20, 1903)-v. 109, no. 250 (Sept. 30, 1991).</subfield></datafield><datafield ind1=" " ind2=" " tag="515"><subfield code="a">Continues numbering of St. Louis County watchman.</subfield></datafield><datafield ind1=" " ind2="4" tag="651"><subfield code="a">Saint Louis County (Mo.)</subfield><subfield code="v">Newspapers.</subfield></datafield><datafield ind1=" " ind2=" " tag="752"><subfield code="a">United States</subfield><subfield code="b">Missouri</subfield><subfield code="d">Saint Louis.</subfield></datafield><datafield ind1=" " ind2=" " tag="752"><subfield code="a">United States</subfield><subfield code="b">Missouri</subfield><subfield code="c">Saint Louis</subfield><subfield code="d">Clayton.</subfield></datafield><datafield ind1="0" ind2="4" tag="780"><subfield code="t">St. Louis County watchman</subfield><subfield code="w">(DLC)sn 89066828</subfield></datafield><datafield ind1="0" ind2="4" tag="780"><subfield code="t">St. Louis County advocate</subfield><subfield code="w">(DLC)sn 89066827</subfield></datafield><datafield ind1="0" ind2="0" tag="785"><subfield code="t">St. Louis watchman advocate</subfield><subfield code="x">1066-2995</subfield><subfield code="w">(DLC)sn 92006243</subfield><subfield code="w">(OCoLC)26915814</subfield></datafield><datafield ind1="1" ind2=" " tag="029"><subfield code="a">AU@</subfield><subfield code="b">000020551223</subfield></datafield></record>